<?xml version="1.0" encoding="UTF-8"?><collection xmlns="http://www.loc.gov/MARC21/slim"><record><leader>00469nam--2200193-i-4500</leader><controlfield tag="001">000036690</controlfield><controlfield tag="002">20161230</controlfield><controlfield tag="005">20161230201041</controlfield><controlfield tag="008">060222s1000------------r-----000-0-rus-d</controlfield><datafield ind1=" " ind2=" " tag="040"><subfield code="a">IFIN-HH</subfield></datafield><datafield ind1=" " ind2=" " tag="041"><subfield code="a">rus</subfield></datafield><datafield ind1=" " ind2=" " tag="080"><subfield code="a">533.9.082</subfield></datafield><datafield ind1="1" ind2=" " tag="110"><subfield code="a">Atomnoi energii SSSR</subfield></datafield><datafield ind1="1" ind2="0" tag="245"><subfield code="a">Diagnostika plazmi</subfield><subfield code="b">Sbornik statei</subfield></datafield><datafield ind1=" " ind2=" " tag="260"><subfield code="a">Moskva</subfield><subfield code="b">Atomizdat</subfield></datafield><datafield ind1=" " ind2=" " tag="300"><subfield code="a">3 volume</subfield></datafield><datafield ind1=" " ind2=" " tag="787"><subfield code="a">vol. 3</subfield><subfield code="d">1973</subfield><subfield code="h">560 p</subfield></datafield><datafield ind1=" " ind2=" " tag="852"><subfield code="a">41246</subfield><subfield code="c">533.9</subfield></datafield><datafield ind1=" " ind2=" " tag="CAT"><subfield code="a">Sys</subfield><subfield code="c">20100927</subfield><subfield code="h">103735</subfield></datafield></record></collection>